@article{li2020fourier,
  title={Fourier neural operator for parametric partial differential equations},
  author={Li, Zongyi and Kovachki, Nikola and Azizzadenesheli, Kamyar and Liu, Burigede and Bhattacharya, Kaushik and Stuart, Andrew and Anandkumar, Anima},
  journal={arXiv preprint arXiv:2010.08895},
  year={2020}
}

@article{hendrycks2016gaussian,
  title={Gaussian error linear units (gelus)},
  author={Hendrycks, Dan and Gimpel, Kevin},
  journal={arXiv preprint arXiv:1606.08415},
  year={2016}
}

@article{kingma2014adam,
  title={Adam: A method for stochastic optimization},
  author={Kingma, Diederik P and Ba, Jimmy},
  journal={arXiv preprint arXiv:1412.6980},
  year={2014}
}
@article{siahkoohi2019neural,
  title={Neural network augmented wave-equation simulation},
  author={Siahkoohi, Ali and Louboutin, Mathias and Herrmann, Felix J},
  journal={arXiv preprint arXiv:1910.00925},
  year={2019}
}

@article{moseley2020deep,
  title={Deep learning for fast simulation of seismic waves in complex media},
  author={Moseley, Ben and Nissen-Meyer, Tarje and Markham, Andrew},
  journal={Solid Earth},
  volume={11},
  number={4},
  pages={1527--1549},
  year={2020},
  publisher={Copernicus Publications G{\"o}ttingen, Germany}
}

@article{moseley2018fast,
  title={Fast approximate simulation of seismic waves with deep learning},
  author={Moseley, Benjamin and Markham, Andrew and Nissen-Meyer, Tarje},
  journal={arXiv preprint arXiv:1807.06873},
  year={2018}
}

@article{moseley2023finite,
  title={Finite Basis Physics-Informed Neural Networks (FBPINNs): a scalable domain decomposition approach for solving differential equations},
  author={Moseley, Ben and Markham, Andrew and Nissen-Meyer, Tarje},
  journal={Advances in Computational Mathematics},
  volume={49},
  number={4},
  pages={62},
  year={2023},
  publisher={Springer}
}

@article{smith2020eikonet,
  title={Eikonet: Solving the eikonal equation with deep neural networks},
  author={Smith, Jonathan D and Azizzadenesheli, Kamyar and Ross, Zachary E},
  journal={IEEE Transactions on Geoscience and Remote Sensing},
  volume={59},
  number={12},
  pages={10685--10696},
  year={2020},
  publisher={IEEE}
}


@article{zhu2019seismic,
  title={Seismic signal denoising and decomposition using deep neural networks},
  author={Zhu, Weiqiang and Mousavi, S Mostafa and Beroza, Gregory C},
  journal={IEEE Transactions on Geoscience and Remote Sensing},
  volume={57},
  number={11},
  pages={9476--9488},
  year={2019},
  publisher={IEEE}
}

@article{yang2022toward,
  title={Toward improved urban earthquake monitoring through deep-learning-based noise suppression},
  author={Yang, Lei and Liu, Xin and Zhu, Weiqiang and Zhao, Liang and Beroza, Gregory C},
  journal={Science advances},
  volume={8},
  number={15},
  pages={eabl3564},
  year={2022},
  publisher={American Association for the Advancement of Science}
}

@article{birnie2021potential,
  title={The potential of self-supervised networks for random noise suppression in seismic data},
  author={Birnie, Claire and Ravasi, Matteo and Liu, Sixiu and Alkhalifah, Tariq},
  journal={Artificial Intelligence in Geosciences},
  volume={2},
  pages={47--59},
  year={2021},
  publisher={Elsevier}
}

@article{zhu2019phasenet,
  title={PhaseNet: a deep-neural-network-based seismic arrival-time picking method},
  author={Zhu, Weiqiang and Beroza, Gregory C},
  journal={Geophysical Journal International},
  volume={216},
  number={1},
  pages={261--273},
  year={2019},
  publisher={Oxford University Press}
}

@article{mousavi2020earthquake,
  title={Earthquake transformer—an attentive deep-learning model for simultaneous earthquake detection and phase picking},
  author={Mousavi, S Mostafa and Ellsworth, William L and Zhu, Weiqiang and Chuang, Lindsay Y and Beroza, Gregory C},
  journal={Nature communications},
  volume={11},
  number={1},
  pages={3952},
  year={2020},
  publisher={Nature Publishing Group UK London}
}

@article{ross2018p,
  title={P wave arrival picking and first-motion polarity determination with deep learning},
  author={Ross, Zachary E and Meier, Men-Andrin and Hauksson, Egill},
  journal={Journal of Geophysical Research: Solid Earth},
  volume={123},
  number={6},
  pages={5120--5129},
  year={2018},
  publisher={Wiley Online Library}
}

@article{ross2019phaselink,
  title={PhaseLink: A deep learning approach to seismic phase association},
  author={Ross, Zachary E and Yue, Yisong and Meier, Men-Andrin and Hauksson, Egill and Heaton, Thomas H},
  journal={Journal of Geophysical Research: Solid Earth},
  volume={124},
  number={1},
  pages={856--869},
  year={2019},
  publisher={Wiley Online Library}
}

@article{zhu2022end,
  title={An end-to-end earthquake detection method for joint phase picking and association using deep learning},
  author={Zhu, Weiqiang and Tai, Kai Sheng and Mousavi, S Mostafa and Bailis, Peter and Beroza, Gregory C},
  journal={Journal of Geophysical Research: Solid Earth},
  volume={127},
  number={3},
  pages={e2021JB023283},
  year={2022},
  publisher={Wiley Online Library}
}

@article{raissi2019physics,
  title={Physics-informed neural networks: A deep learning framework for solving forward and inverse problems involving nonlinear partial differential equations},
  author={Raissi, Maziar and Perdikaris, Paris and Karniadakis, George E},
  journal={Journal of Computational physics},
  volume={378},
  pages={686--707},
  year={2019},
  publisher={Elsevier}
}

@article{lu2019deeponet,
  title={Deeponet: Learning nonlinear operators for identifying differential equations based on the universal approximation theorem of operators},
  author={Lu, Lu and Jin, Pengzhan and Karniadakis, George Em},
  journal={arXiv preprint arXiv:1910.03193},
  year={2019}
}

@inproceedings{anandkumar2020neural,
  title={Neural operator: Graph kernel network for partial differential equations},
  author={Anandkumar, Anima and Azizzadenesheli, Kamyar and Bhattacharya, Kaushik and Kovachki, Nikola and Li, Zongyi and Liu, Burigede and Stuart, Andrew},
  booktitle={ICLR 2020 Workshop on Integration of Deep Neural Models and Differential Equations},
  year={2020}
}

@article{li2020multipole,
  title={Multipole graph neural operator for parametric partial differential equations},
  author={Li, Zongyi and Kovachki, Nikola and Azizzadenesheli, Kamyar and Liu, Burigede and Stuart, Andrew and Bhattacharya, Kaushik and Anandkumar, Anima},
  journal={Advances in Neural Information Processing Systems},
  volume={33},
  pages={6755--6766},
  year={2020}
}

@article{kovachki2023neural,
  title={Neural operator: Learning maps between function spaces with applications to pdes},
  author={Kovachki, Nikola and Li, Zongyi and Liu, Burigede and Azizzadenesheli, Kamyar and Bhattacharya, Kaushik and Stuart, Andrew and Anandkumar, Anima},
  journal={Journal of Machine Learning Research},
  volume={24},
  number={89},
  pages={1--97},
  year={2023}
}

@article{pathak2022fourcastnet,
  title={Fourcastnet: A global data-driven high-resolution weather model using adaptive fourier neural operators},
  author={Pathak, Jaideep and Subramanian, Shashank and Harrington, Peter and Raja, Sanjeev and Chattopadhyay, Ashesh and Mardani, Morteza and Kurth, Thorsten and Hall, David and Li, Zongyi and Azizzadenesheli, Kamyar and others},
  journal={arXiv preprint arXiv:2202.11214},
  year={2022}
}

@article{wen2022u,
  title={U-FNO—An enhanced Fourier neural operator-based deep-learning model for multiphase flow},
  author={Wen, Gege and Li, Zongyi and Azizzadenesheli, Kamyar and Anandkumar, Anima and Benson, Sally M},
  journal={Advances in Water Resources},
  volume={163},
  pages={104180},
  year={2022},
  publisher={Elsevier}
}

@article{jiang2021digital,
  title={Digital Twin Earth--Coasts: Developing a fast and physics-informed surrogate model for coastal floods via neural operators},
  author={Jiang, Peishi and Meinert, Nis and Jord{\~a}o, Helga and Weisser, Constantin and Holgate, Simon and Lavin, Alexander and L{\"u}tjens, Bj{\"o}rn and Newman, Dava and Wainwright, Haruko and Walker, Catherine and others},
  journal={arXiv preprint arXiv:2110.07100},
  year={2021}
}

@article{goswami2022physics,
  title={A physics-informed variational DeepONet for predicting crack path in quasi-brittle materials},
  author={Goswami, Somdatta and Yin, Minglang and Yu, Yue and Karniadakis, George Em},
  journal={Computer Methods in Applied Mechanics and Engineering},
  volume={391},
  pages={114587},
  year={2022},
  publisher={Elsevier}
}

@article{rucker2024physics,
  title={Physics-informed deep learning of rate-and-state fault friction},
  author={Rucker, Cody and Erickson, Brittany A},
  journal={Computer Methods in Applied Mechanics and Engineering},
  volume={430},
  pages={117211},
  year={2024},
  publisher={Elsevier}
}

@article{borate2023using,
  title={Using a physics-informed neural network and fault zone acoustic monitoring to predict lab earthquakes},
  author={Borate, Prabhav and Rivi{\`e}re, Jacques and Marone, Chris and Mali, Ankur and Kifer, Daniel and Shokouhi, Parisa},
  journal={Nature communications},
  volume={14},
  number={1},
  pages={3693},
  year={2023},
  publisher={Nature Publishing Group UK London}
}

@article{fukushima2023physics,
  title={Physics-Informed Neural Networks for Fault Slip Monitoring: Simulation, Frictional Parameter Estimation, and Prediction on Slow Slip Events in a Spring-Slider System},
  author={Fukushima, Rikuto and Kano, Masayuki and Hirahara, Kazuro},
  journal={Journal of Geophysical Research: Solid Earth},
  volume={128},
  number={12},
  pages={e2023JB027384},
  year={2023},
  publisher={Wiley Online Library}
}



@article{karimpouli2020physics,
  title={Physics informed machine learning: Seismic wave equation},
  author={Karimpouli, Sadegh and Tahmasebi, Pejman},
  journal={Geoscience Frontiers},
  volume={11},
  number={6},
  pages={1993--2001},
  year={2020},
  publisher={Elsevier}
}

@article{moseley2020solving,
  title={Solving the wave equation with physics-informed deep learning},
  author={Moseley, Ben and Markham, Andrew and Nissen-Meyer, Tarje},
  journal={arXiv preprint arXiv:2006.11894},
  year={2020}
}

@article{rasht2022physics,
  title={Physics-informed neural networks (PINNs) for wave propagation and full waveform inversions},
  author={Rasht-Behesht, Majid and Huber, Christian and Shukla, Khemraj and Karniadakis, George Em},
  journal={Journal of Geophysical Research: Solid Earth},
  volume={127},
  number={5},
  pages={e2021JB023120},
  year={2022},
  publisher={Wiley Online Library}
}

@article{rao2021physics,
  title={Physics-informed deep learning for computational elastodynamics without labeled data},
  author={Rao, Chengping and Sun, Hao and Liu, Yang},
  journal={Journal of Engineering Mechanics},
  volume={147},
  number={8},
  pages={04021043},
  year={2021},
  publisher={American Society of Civil Engineers}
}

@article{cai2021physics,
  title={Physics-informed neural networks (PINNs) for fluid mechanics: A review},
  author={Cai, Shengze and Mao, Zhiping and Wang, Zhicheng and Yin, Minglang and Karniadakis, George Em},
  journal={Acta Mechanica Sinica},
  volume={37},
  number={12},
  pages={1727--1738},
  year={2021},
  publisher={Springer}
}

@article{yang2021seismic,
  title={Seismic wave propagation and inversion with neural operators},
  author={Yang, Yan and Gao, Angela F and Castellanos, Jorge C and Ross, Zachary E and Azizzadenesheli, Kamyar and Clayton, Robert W},
  journal={The Seismic Record},
  volume={1},
  number={3},
  pages={126--134},
  year={2021},
  publisher={Seismological Society of America}
}

@article{li2023solving,
  title={Solving seismic wave equations on variable velocity models with Fourier neural operator},
  author={Li, Bian and Wang, Hanchen and Feng, Shihang and Yang, Xiu and Lin, Youzuo},
  journal={IEEE Transactions on Geoscience and Remote Sensing},
  volume={61},
  pages={1--18},
  year={2023},
  publisher={IEEE}
}

@article{yang2023rapid,
  title={Rapid seismic waveform modeling and inversion with neural operators},
  author={Yang, Yan and Gao, Angela F and Azizzadenesheli, Kamyar and Clayton, Robert W and Ross, Zachary E},
  journal={IEEE Transactions on Geoscience and Remote Sensing},
  volume={61},
  pages={1--12},
  year={2023},
  publisher={IEEE}
}

@article{zhang2023learning,
  title={Learning to solve the elastic wave equation with Fourier neural operators},
  author={Zhang, Tianze and Trad, Daniel and Innanen, Kristopher},
  journal={Geophysics},
  volume={88},
  number={3},
  pages={T101--T119},
  year={2023},
  publisher={Society of Exploration Geophysicists}
}

@article{wei2022small,
  title={Small-data-driven fast seismic simulations for complex media using physics-informed Fourier neural operators},
  author={Wei, Wei and Fu, Li-Yun},
  journal={Geophysics},
  volume={87},
  number={6},
  pages={T435--T446},
  year={2022},
  publisher={Society of Exploration Geophysicists}
}

@article{lehmann2023fourier,
  title={Fourier neural operator surrogate model to predict 3D seismic waves propagation},
  author={Lehmann, Fanny and Gatti, Filippo and Bertin, Micha{\"e}l and Clouteau, Didier},
  journal={arXiv preprint arXiv:2304.10242},
  year={2023}
}

@article{lehmann20243d,
  title={3D elastic wave propagation with a factorized Fourier neural operator (F-FNO)},
  author={Lehmann, Fanny and Gatti, Filippo and Bertin, Micha{\"e}l and Clouteau, Didier},
  journal={Computer Methods in Applied Mechanics and Engineering},
  volume={420},
  pages={116718},
  year={2024},
  publisher={Elsevier}
}

@article{zou2024deep,
  title={Deep neural Helmholtz operators for 3D elastic wave propagation and inversion},
  author={Zou, Caifeng and Azizzadenesheli, Kamyar and Ross, Zachary E and Clayton, Robert W},
  journal={Geophysical Journal International},
  pages={ggae342},
  year={2024},
  publisher={Oxford University Press}
}

@article{harris2018suite,
  title={A suite of exercises for verifying dynamic earthquake rupture codes},
  author={Harris, Ruth A and Barall, Michael and Aagaard, Brad and Ma, Shuo and Roten, Daniel and Olsen, Kim and Duan, Benchun and Liu, Dunyu and Luo, Bin and Bai, Kangchen and others},
  journal={Seismological Research Letters},
  volume={89},
  number={3},
  pages={1146--1162},
  year={2018},
  publisher={Seismological Society of America}
}

@article{kammer2021uguca,
  title={UGUCA: A spectral-boundary-integral method for modeling fracture and friction},
  author={Kammer, David S and Albertini, Gabriele and Ke, Chun-Yu},
  journal={SoftwareX},
  volume={15},
  pages={100785},
  year={2021},
  publisher={Elsevier}
}

@article{ma2019hybrid,
  title={A hybrid finite element-spectral boundary integral approach: Applications to dynamic rupture modeling in unbounded domains},
  author={Ma, Xiao and Hajarolasvadi, Setare and Albertini, Gabriele and Kammer, David S and Elbanna, Ahmed E},
  journal={International Journal for Numerical and Analytical Methods in Geomechanics},
  volume={43},
  number={1},
  pages={317--338},
  year={2019},
  publisher={Wiley Online Library}
}

@article{abdelmeguid2019novel,
  title={A novel hybrid finite element-spectral boundary integral scheme for modeling earthquake cycles: Application to rate and state faults with low-velocity zones},
  author={Abdelmeguid, Mohamed and Ma, Xiao and Elbanna, Ahmed},
  journal={Journal of Geophysical Research: Solid Earth},
  volume={124},
  number={12},
  pages={12854--12881},
  year={2019},
  publisher={Wiley Online Library}
}

@article{abdelmeguid2022modeling,
  title={Modeling sequences of earthquakes and aseismic slip (SEAS) in elasto-plastic fault zones with a hybrid finite element spectral boundary integral scheme},
  author={Abdelmeguid, Mohamed and Elbanna, Ahmed},
  journal={Journal of Geophysical Research: Solid Earth},
  volume={127},
  number={12},
  pages={e2022JB024548},
  year={2022},
  publisher={Wiley Online Library}
}


@article{bedford2022fault,
  title={Fault rock heterogeneity can produce fault weakness and reduce fault stability},
  author={Bedford, John D and Faulkner, Daniel R and Lapusta, Nadia},
  journal={Nature Communications},
  volume={13},
  number={1},
  pages={326},
  year={2022},
  publisher={Nature Publishing Group UK London}
}

@article{scholz1986fractal,
  title={The fractal geometry of faults and faulting},
  author={Scholz, Ch H and Aviles, CA},
  journal={Earthquake source mechanics},
  volume={37},
  pages={147--155},
  year={1986},
  publisher={Wiley Online Library}
}

@article{venegas2024fractal,
  title={Fractal spatial distributions of initial shear stress and frictional properties on faults and their impact on dynamic earthquake rupture},
  author={Venegas-Aravena, Patricio and Crempien, Jorge GF and Archuleta, Ralph J},
  journal={Bulletin of the Seismological Society of America},
  volume={114},
  number={3},
  pages={1444--1465},
  year={2024},
  publisher={Seismological Society of America}
}

@article{duan2006heterogeneous,
  title={Heterogeneous fault stresses from previous earthquakes and the effect on dynamics of parallel strike-slip faults},
  author={Duan, Benchun and Oglesby, David D},
  journal={Journal of Geophysical Research: Solid Earth},
  volume={111},
  number={B5},
  year={2006},
  publisher={Wiley Online Library}
}


@article{ruina1983slip,
  title={Slip instability and state variable friction laws},
  author={Ruina, Andy},
  journal={Journal of Geophysical Research: Solid Earth},
  volume={88},
  number={B12},
  pages={10359--10370},
  year={1983},
  publisher={Wiley Online Library}
}

@article{harris2009scec,
  title={The SCEC/USGS dynamic earthquake rupture code verification exercise},
  author={Harris, Ruth A and Barall, Michael and Archuleta, R and Dunham, E and Aagaard, B and Ampuero, Jean Paul and Bhat, Harsha and Cruz-Atienza, V and Dalguer, L and Dawson, Phillip and others},
  journal={Seismological Research Letters},
  volume={80},
  number={1},
  pages={119--126},
  year={2009},
  publisher={Seismological Society of America}
}

@article{barall2015metrics,
  title={Metrics for comparing dynamic earthquake rupture simulations},
  author={Barall, Michael and Harris, Ruth A},
  journal={Seismological Research Letters},
  volume={86},
  number={1},
  pages={223--235},
  year={2015},
  publisher={Seismological Society of America}
}

@inproceedings{rahaman2019spectral,
  title={On the spectral bias of neural networks},
  author={Rahaman, Nasim and Baratin, Aristide and Arpit, Devansh and Draxler, Felix and Lin, Min and Hamprecht, Fred and Bengio, Yoshua and Courville, Aaron},
  booktitle={International conference on machine learning},
  pages={5301--5310},
  year={2019},
  organization={PMLR}
}


@article{azizzadenesheli2024neural,
  title={Neural operators for accelerating scientific simulations and design},
  author={Azizzadenesheli, Kamyar and Kovachki, Nikola and Li, Zongyi and Liu-Schiaffini, Miguel and Kossaifi, Jean and Anandkumar, Anima},
  journal={Nature Reviews Physics},
  volume={6},
  number={5},
  pages={320--328},
  year={2024},
  publisher={Nature Publishing Group UK London}
}

@article{andrews1980stochastic,
  title={A stochastic fault model: 1. Static case},
  author={Andrews, DJ},
  journal={Journal of Geophysical Research: Solid Earth},
  volume={85},
  number={B7},
  pages={3867--3877},
  year={1980},
  publisher={Wiley Online Library}
}

@article{hirata1989correlation,
  title={A correlation between the b value and the fractal dimension of earthquakes},
  author={Hirata, Takayuki},
  journal={Journal of Geophysical Research: Solid Earth},
  volume={94},
  number={B6},
  pages={7507--7514},
  year={1989},
  publisher={Wiley Online Library}
}

@article{renard2017scaling,
  title={Scaling of fault roughness and implications for earthquake mechanics},
  author={Renard, Fran{\c{c}}ois and Candela, Thibault},
  journal={Fault zone dynamic processes: Evolution of fault properties during seismic rupture},
  pages={195--215},
  year={2017},
  publisher={Wiley Online Library}
}

@article{ikari2011relation,
  title={On the relation between fault strength and frictional stability},
  author={Ikari, Matt J and Marone, Chris and Saffer, Demian M},
  journal={Geology},
  volume={39},
  number={1},
  pages={83--86},
  year={2011},
  publisher={Geological Society of America}
}

@article{cao2019towards,
  title={Towards understanding the spectral bias of deep learning},
  author={Cao, Yuan and Fang, Zhiying and Wu, Yue and Zhou, Ding-Xuan and Gu, Quanquan},
  journal={arXiv preprint arXiv:1912.01198},
  year={2019}
}

@article{rahman2022u,
  title={U-no: U-shaped neural operators},
  author={Rahman, Md Ashiqur and Ross, Zachary E and Azizzadenesheli, Kamyar},
  journal={arXiv preprint arXiv:2204.11127},
  year={2022}
}

@article{arrowsmith2022big,
  title={Big data seismology},
  author={Arrowsmith, Stephen J and Trugman, Daniel T and MacCarthy, J and Bergen, Karianne J and Lumley, David and Magnani, Maria Beatrice},
  journal={Reviews of Geophysics},
  volume={60},
  number={2},
  pages={e2021RG000769},
  year={2022},
  publisher={Wiley Online Library}
}

@article{Gallovic2019-method,
  author    = {Gallovi{\v{c}}, Franti{\v{s}}ek and Valentov{\'a}, {\v{L}}ubica and Ampuero, Jean-Paul and Gabriel, Alice-Agnes},
  title     = {{Bayesian Dynamic Finite-Fault Inversion: 1. Method and Synthetic Test}},
  journal   = {Journal of Geophysical Research: Solid Earth},
  volume    = {124},
  number    = {7},
  pages     = {6949--6969},
  year      = {2019},
  doi       = {10.1029/2019JB017510}
}

@article{gallovivc2019bayesian,
  title={Bayesian dynamic finite-fault inversion: 2. Application to the 2016 Mw 6.2 Amatrice, Italy, earthquake},
  author={Gallovi{\v{c}}, F and Valentov{\'a}, L' and Ampuero, J-P and Gabriel, A-A},
  journal={Journal of Geophysical Research: Solid Earth},
  volume={124},
  number={7},
  pages={6970--6988},
  year={2019},
  publisher={Wiley Online Library}
}

@article{Ulrich2019,
  author    = {Ulrich, Thomas and Gabriel, Alice-Agnes and Ampuero, Jean-Paul and Xu, Wenbin},
  title     = {Dynamic viability of the 2016 Mw 7.8 Kaikōura earthquake cascade on weak crustal faults},
  journal   = {Nature Communications},
  volume    = {10},
  pages     = {1213},
  year      = {2019},
  doi       = {10.1038/s41467-019-09125-w}
}

@article{day1982three,
  title={Three-dimensional finite difference simulation of fault dynamics: rectangular faults with fixed rupture velocity},
  author={Day, Steven M},
  journal={Bulletin of the Seismological Society of America},
  volume={72},
  number={3},
  pages={705--727},
  year={1982},
  publisher={The Seismological Society of America}
}

@article{olsen1997three,
  title={Three-dimensional dynamic simulation of the 1992 Landers earthquake},
  author={Olsen, KB and Madariaga, R and Archuleta, Ralph J},
  journal={Science},
  volume={278},
  number={5339},
  pages={834--838},
  year={1997},
  publisher={American Association for the Advancement of Science}
}

@article{nielsen2000influence,
  title={Influence of friction and fault geometry on earthquake rupture},
  author={Nielsen, Stefan B and Carlson, JM and Olsen, Kim B},
  journal={Journal of Geophysical Research: Solid Earth},
  volume={105},
  number={B3},
  pages={6069--6088},
  year={2000},
  publisher={Wiley Online Library}
}

@article{bhat2007role,
  title={Role of fault branches in earthquake rupture dynamics},
  author={Bhat, Harsha S and Olives, Marion and Dmowska, Renata and Rice, James R},
  journal={Journal of Geophysical Research: Solid Earth},
  volume={112},
  number={B11},
  year={2007},
  publisher={Wiley Online Library}
}

@article{ripperger2007earthquake,
  title={Earthquake source characteristics from dynamic rupture with constrained stochastic fault stress},
  author={Ripperger, J and Ampuero, J-P and Mai, PM and Giardini, D},
  journal={Journal of Geophysical Research: Solid Earth},
  volume={112},
  number={B4},
  year={2007},
  publisher={Wiley Online Library}
}

@article{ma2019dynamic,
  title={Dynamic rupture propagation on fault planes with explicit representation of short branches},
  author={Ma, Xiao and Elbanna, Ahmed},
  journal={Earth and Planetary Science Letters},
  volume={523},
  pages={115702},
  year={2019},
  publisher={Elsevier}
}

@article{gabriel2012transition,
  title={The transition of dynamic rupture styles in elastic media under velocity-weakening friction},
  author={Gabriel, A-A and Ampuero, J-P and Dalguer, LA and Mai, Paul Martin},
  journal={Journal of Geophysical Research: Solid Earth},
  volume={117},
  number={B9},
  year={2012},
  publisher={Wiley Online Library}
}

@article{xu2015rupture,
  title={Rupture phase diagrams for a planar fault in 3-D full-space and half-space},
  author={Xu, Jiankuan and Zhang, Haiming and Chen, Xiaofei},
  journal={Geophysical Journal International},
  volume={202},
  number={3},
  pages={2194--2206},
  year={2015},
  publisher={Oxford University Press}
}

@article{johnson2006frictional,
  title={Frictional properties on the San Andreas fault near Parkfield, California, inferred from models of afterslip following the 2004 earthquake},
  author={Johnson, Kaj M and Burgmann, Roland and Larson, Kristine},
  journal={Bulletin of the Seismological Society of America},
  volume={96},
  number={4B},
  pages={S321--S338},
  year={2006},
  publisher={Seismological Society of America}
}

@article{aochi2020imaging,
  title={Imaging of seismogenic asperities of the 2016 ML 6.0 Amatrice, Central Italy, earthquake through dynamic rupture simulations},
  author={Aochi, Hideo and Twardzik, C{\'e}dric},
  journal={Pure and Applied Geophysics},
  volume={177},
  number={5},
  pages={1931--1946},
  year={2020},
  publisher={Springer}
}

@article{van2019modeling,
  title={Modeling megathrust earthquakes across scales: One-way coupling from geodynamics and seismic cycles to dynamic rupture},
  author={Van Zelst, Iris and Wollherr, Stephanie and Gabriel, A-A and Madden, Elizabeth H and van Dinther, Ylona},
  journal={Journal of Geophysical Research: Solid Earth},
  volume={124},
  number={11},
  pages={11414--11446},
  year={2019},
  publisher={Wiley Online Library}
}

@article{oglesby1998earthquakes,
  title={Earthquakes on dipping faults: The effects of broken symmetry},
  author={Oglesby, David D and Archuleta, Ralph J and Nielsen, Stefan B},
  journal={Science},
  volume={280},
  number={5366},
  pages={1055--1059},
  year={1998},
  publisher={American Association for the Advancement of Science}
}

@article{oglesby2000three,
  title={The three-dimensional dynamics of dipping faults},
  author={Oglesby, David D and Archuleta, Ralph J and Nielsen, Stefan B},
  journal={Bulletin of the Seismological Society of America},
  volume={90},
  number={3},
  pages={616--628},
  year={2000},
  publisher={Seismological Society of America}
}

@article{aagaard2001dynamic,
  title={Dynamic earthquake ruptures in the presence of lithostatic normal stresses: Implications for friction models and heat production},
  author={Aagaard, Brad T and Heaton, Thomas H and Hall, John F},
  journal={Bulletin of the Seismological Society of America},
  volume={91},
  number={6},
  pages={1765--1796},
  year={2001},
  publisher={Seismological Society of America}
}

@article{andrews1973numerical,
  title={A numerical study of tectonic stress release by underground explosions},
  author={Andrews, DJ},
  journal={Bulletin of the Seismological Society of America},
  volume={63},
  number={4},
  pages={1375--1391},
  year={1973},
  publisher={The Seismological Society of America}
}

@article{madariaga1998modeling,
  title={Modeling dynamic rupture in a 3D earthquake fault model},
  author={Madariaga, R and Olsen, K and Archuleta, R},
  journal={Bulletin of the Seismological Society of America},
  volume={88},
  number={5},
  pages={1182--1197},
  year={1998},
  publisher={The Seismological Society of America}
}

@article{andrews1999test,
  title={Test of two methods for faulting in finite-difference calculations},
  author={Andrews, DJ},
  journal={Bulletin of the Seismological Society of America},
  volume={89},
  number={4},
  pages={931--937},
  year={1999},
  publisher={The Seismological Society of America}
}

@article{dalguer2007staggered,
  title={Staggered-grid split-node method for spontaneous rupture simulation},
  author={Dalguer, Luis A and Day, Steven M},
  journal={Journal of Geophysical Research: Solid Earth},
  volume={112},
  number={B2},
  year={2007},
  publisher={Wiley Online Library}
}

@article{moczo2007finite,
  title={The finite-difference and finite-element modeling of seismic wave propagation and earthquake motion},
  author={Moczo, Peter and Kristek, Jozef and Galis, M and Pazak, P and Balazovjech, M},
  journal={Acta physica slovaca},
  volume={57},
  number={2},
  year={2007},
  publisher={Citeseer}
}

@article{das1980numerical,
  title={A numerical method for determination of source time functions for general three-dimensional rupture propagation},
  author={Das, Shamita},
  journal={Geophysical Journal International},
  volume={62},
  number={3},
  pages={591--604},
  year={1980},
  publisher={Blackwell Publishing Ltd Oxford, UK}
}

@article{andrews1985dynamic,
  title={Dynamic plane-strain shear rupture with a slip-weakening friction law calculated by a boundary integral method},
  author={Andrews, DJ},
  journal={Bulletin of the Seismological Society of America},
  volume={75},
  number={1},
  pages={1--21},
  year={1985},
  publisher={The Seismological Society of America}
}

@article{cochard1994dynamic,
  title={Dynamic faulting under rate-dependent friction},
  author={Cochard, Alain and Madariaga, Ra{\'u}l},
  journal={pure and applied geophysics},
  volume={142},
  number={3},
  pages={419--445},
  year={1994},
  publisher={Springer}
}

@article{dieterich1979modeling,
  title={Modeling of rock friction: 1. Experimental results and constitutive equations},
  author={Dieterich, James H},
  journal={Journal of Geophysical Research: Solid Earth},
  volume={84},
  number={B5},
  pages={2161--2168},
  year={1979},
  publisher={Wiley Online Library}
}

@article{chester1998ultracataclasite,
  title={Ultracataclasite structure and friction processes of the Punchbowl fault, San Andreas system, California},
  author={Chester, Frederick M and Chester, Judith S},
  journal={Tectonophysics},
  volume={295},
  number={1-2},
  pages={199--221},
  year={1998},
  publisher={Elsevier}
}

@article{geubelle1995spectral,
  title={A spectral method for three-dimensional elastodynamic fracture problems},
  author={Geubelle, Philippe H and Rice, James R},
  journal={Journal of the Mechanics and Physics of Solids},
  volume={43},
  number={11},
  pages={1791--1824},
  year={1995},
  publisher={Elsevier}
}

@article{cuomo2022scientific,
  title={Scientific machine learning through physics--informed neural networks: Where we are and what’s next},
  author={Cuomo, Salvatore and Di Cola, Vincenzo Schiano and Giampaolo, Fabio and Rozza, Gianluigi and Raissi, Maziar and Piccialli, Francesco},
  journal={Journal of Scientific Computing},
  volume={92},
  number={3},
  pages={88},
  year={2022},
  publisher={Springer}
}

@article{ben1997dynamic,
  title={Dynamic simulations of slip on a smooth fault in an elastic solid},
  author={Ben-Zion, Yehuda and Rice, James R},
  journal={Journal of Geophysical Research: Solid Earth},
  volume={102},
  number={B8},
  pages={17771--17784},
  year={1997},
  publisher={Wiley Online Library}
}

@article{lapusta2000elastodynamic,
  title={Elastodynamic analysis for slow tectonic loading with spontaneous rupture episodes on faults with rate-and state-dependent friction},
  author={Lapusta, Nadia and Rice, James R and Ben-Zion, Yehuda and Zheng, Gutuan},
  journal={Journal of Geophysical Research: Solid Earth},
  volume={105},
  number={B10},
  pages={23765--23789},
  year={2000},
  publisher={Wiley Online Library}
}

@article{ampuero2008earthquake,
  title={Earthquake nucleation on rate and state faults--Aging and slip laws},
  author={Ampuero, Jean-Paul and Rubin, Allan M},
  journal={Journal of Geophysical Research: Solid Earth},
  volume={113},
  number={B1},
  year={2008},
  publisher={Wiley Online Library}
}

@article{van2018comparison,
  title={A comparison between rate-and-state friction and microphysical models, based on numerical simulations of fault slip},
  author={Van den Ende, MPA and Chen, J and Ampuero, J-P and Niemeijer, AR},
  journal={Tectonophysics},
  volume={733},
  pages={273--295},
  year={2018},
  publisher={Elsevier}
}

@article{de2022cost,
  title={The cost-accuracy trade-off in operator learning with neural networks},
  author={de Hoop, Maarten V and Huang, Daniel Zhengyu and Qian, Elizabeth and Stuart, Andrew M},
  journal={arXiv preprint arXiv:2203.13181},
  year={2022}
}

@article{ben2008collective,
  title={Collective behavior of earthquakes and faults: Continuum-discrete transitions, progressive evolutionary changes, and different dynamic regimes},
  author={Ben-Zion, Yehuda},
  journal={Reviews of Geophysics},
  volume={46},
  number={4},
  year={2008},
  publisher={Wiley Online Library}
}

@article{kong2025reducing,
  title={Reducing Frequency Bias of Fourier Neural Operators In 3D Seismic Wavefield Simulations Through Multi-Stage Training},
  author={Kong, Qingkai and Zou, Caifeng and Choi, Youngsoo and Matzel, Eric M and Azizzadenesheli, Kamyar and Ross, Zachary E and Rodgers, Arthur J and Clayton, Robert W},
  journal={arXiv preprint arXiv:2503.02023},
  year={2025}
}

@misc{tainpakdipat2025,
  author    = {Tainpakdipat, N. and Abdelmeguid, M. and Zhao, C. and Elbanna, A.},
  title     = {Fourier neural operators for accelerating earthquake dynamic rupture simulations {\normalfont [Data set]}},
  year      = {2025},
  publisher = {Zenodo},
  doi       = {10.5281/zenodo.15085622},
  url       = {https://doi.org/10.5281/zenodo.15085622},
}

@article{barbot2022rate,
  title={A rate-, state-, and temperature-dependent friction law with competing healing mechanisms},
  author={Barbot, Sylvain},
  journal={Journal of Geophysical Research: Solid Earth},
  volume={127},
  number={11},
  pages={e2022JB025106},
  year={2022},
  publisher={Wiley Online Library}
}

@article{rekoske2025reduced,
  title={Reduced-order modelling for complex three-dimensional seismic wave propagation},
  author={Rekoske, John M and May, Dave A and Gabriel, Alice-Agnes},
  journal={Geophysical Journal International},
  volume={241},
  number={1},
  pages={526--548},
  year={2025},
  publisher={Oxford University Press}
}

@incollection{boerner2023access,
  title={Access: Advancing innovation: Nsf’s advanced cyberinfrastructure coordination ecosystem: Services \& support},
  author={Boerner, Timothy J and Deems, Stephen and Furlani, Thomas R and Knuth, Shelley L and Towns, John},
  booktitle={Practice and experience in advanced research computing 2023: Computing for the common good},
  pages={173--176},
  year={2023}
}
